@Book{Huff:1993:LS:1098683,
	author = {Huff, Darrel and Geis, Irving},
	title = {How to Lie With Statistics},
	publisher = {W. W. Norton \& Company},
	year = {1993},
}
